<record><leader>00000cas a22000007a 4500</leader><controlfield tag="001">31439535</controlfield><controlfield tag="008">941110d18861961vauwr ne      0    0eng d</controlfield><datafield ind1=" " ind2=" " tag="010"><subfield code="a">sn 94060143 </subfield></datafield><datafield ind1=" " ind2=" " tag="040"><subfield code="a">NVK</subfield><subfield code="b">eng</subfield><subfield code="c">NVK</subfield><subfield code="d">OCLCQ</subfield><subfield code="d">OCLCF</subfield><subfield code="d">OCLCO</subfield></datafield><datafield ind1="1" ind2=" " tag="029"><subfield code="a">AU@</subfield><subfield code="b">000011358178</subfield></datafield><datafield ind1=" " ind2=" " tag="042"><subfield code="a">msc</subfield></datafield><datafield ind1=" " ind2=" " tag="043"><subfield code="a">n-us-va</subfield></datafield><datafield ind1="0" ind2=" " tag="130"><subfield code="a">Bedford democrat (Bedford, Va. : 1886 : Weekly)</subfield></datafield><datafield ind1="1" ind2="4" tag="245"><subfield code="a">The Bedford democrat.</subfield></datafield><datafield ind1=" " ind2=" " tag="260"><subfield code="a">Liberty, Va. :</subfield><subfield code="b">Democrat Print. Co.</subfield></datafield><datafield ind1=" " ind2=" " tag="300"><subfield code="a">v.</subfield></datafield><datafield ind1=" " ind2=" " tag="310"><subfield code="a">Weekly</subfield></datafield><datafield ind1="1" ind2=" " tag="362"><subfield code="a">Began in 1886.</subfield><subfield code="z">Cf. Cappon, L.J. Va. newspapers.</subfield></datafield><datafield ind1="0" ind2=" " tag="362"><subfield code="a">-v. 74, no. 13 (Feb. 23, 1961).</subfield></datafield><datafield ind1=" " ind2=" " tag="500"><subfield code="a">Liberty changed to Bedford City in 1890; changed to Bedford in 1912.</subfield></datafield><datafield ind1=" " ind2=" " tag="500"><subfield code="a">Editor: C.A. Board, &lt;1887&gt;.</subfield></datafield><datafield ind1=" " ind2=" " tag="588"><subfield code="a">Description based on: Vol. 2, no. 9 (June 10, 1887).</subfield></datafield><datafield ind1=" " ind2="0" tag="651"><subfield code="a">Bedford (Va.)</subfield><subfield code="v">Newspapers.</subfield></datafield><datafield ind1=" " ind2="7" tag="655"><subfield code="a">Newspapers.</subfield><subfield code="2">fast</subfield><subfield code="0">(OCoLC)fst01423814</subfield></datafield><datafield ind1=" " ind2="7" tag="651"><subfield code="a">Virginia</subfield><subfield code="z">Bedford.</subfield><subfield code="2">fast</subfield><subfield code="0">(OCoLC)fst01224809</subfield></datafield><datafield ind1=" " ind2=" " tag="752"><subfield code="a">United States</subfield><subfield code="b">Virginia</subfield><subfield code="d">Bedford.</subfield></datafield><datafield ind1=" " ind2=" " tag="752"><subfield code="a">United States</subfield><subfield code="b">Virginia</subfield><subfield code="c">Bedford</subfield><subfield code="d">Liberty.</subfield></datafield><datafield ind1="0" ind2="7" tag="785"><subfield code="a">Bedford bulletin-democrat (Bedford, Va.)</subfield><subfield code="w">(DLC)sn 94060144</subfield></datafield><datafield ind1="0" ind2="7" tag="785"><subfield code="a">Bedford bulletin (Bedford, Va. : 1895 : Weekly)</subfield><subfield code="w">(DLC)sn 95079146</subfield></datafield></record>